
@misc{intro_KF,
	author = {Eric Chaumette},
	title = {Introduction to Kalman Filtering and Extend Kalman Filtering},
	month= {11},
	year={2018},
}

